<record><leader>00000cas a22000007a 4500</leader><controlfield tag="001">14072191</controlfield><controlfield tag="008">860811d19471967txudr ne      0    0eng d</controlfield><datafield ind1=" " ind2=" " tag="010"><subfield code="a">sn 86088393 </subfield></datafield><datafield ind1=" " ind2=" " tag="040"><subfield code="a">PPM</subfield><subfield code="b">eng</subfield><subfield code="c">PPM</subfield><subfield code="d">OCLCQ</subfield></datafield><datafield ind1=" " ind2=" " tag="042"><subfield code="a">msc</subfield></datafield><datafield ind1="0" ind2="4" tag="245"><subfield code="a">The Alice daily echo.</subfield></datafield><datafield ind1=" " ind2=" " tag="260"><subfield code="a">Alice, Tex. :</subfield><subfield code="b">V.D. Ringwald,</subfield><subfield code="c">1947-1967.</subfield></datafield><datafield ind1=" " ind2=" " tag="300"><subfield code="a">v. :</subfield><subfield code="b">ill.</subfield></datafield><datafield ind1=" " ind2=" " tag="310"><subfield code="a">Daily</subfield></datafield><datafield ind1="0" ind2=" " tag="362"><subfield code="a">Vol. 1, no. 1 (Nov. 30, 1947)-v. 72, no. 154 (Jan. 29, 1967).</subfield></datafield><datafield ind1=" " ind2=" " tag="752"><subfield code="a">United States</subfield><subfield code="b">Texas</subfield><subfield code="c">Jim Wells</subfield><subfield code="d">Alice.</subfield></datafield><datafield ind1="0" ind2="0" tag="780"><subfield code="t">Alice echo</subfield><subfield code="w">(DLC)sn 86088277</subfield></datafield><datafield ind1="0" ind2="7" tag="785"><subfield code="t">Alice news</subfield></datafield><datafield ind1="0" ind2="7" tag="785"><subfield code="t">Alice daily echo and Alice news</subfield><subfield code="w">(DLC)sn 88084165</subfield></datafield></record>